
@article{kelleher2016efficient,
  title={Efficient coalescent simulation and genealogical analysis for large sample sizes},
  author={Kelleher, Jerome and Etheridge, Alison M and McVean, Gilean},
  journal={PLoS computational biology},
  volume={12},
  number={5},
  pages={e1004842},
  year={2016},
  publisher={Public Library of Science}
}

@InCollection{kelleher2020coalescent,
    author={Kelleher, Jerome and Lohse, Konrad},
    editor={Dutheil, Julien Y.},
    title={Coalescent Simulation with msprime},
    bookTitle={Statistical Population Genomics},
    year={2020},
    publisher={Springer US},
    address={New York, NY},
    pages={191--230},
}

@article{hudson2002generating,
    author ={Richard R. Hudson},
    title = {Generating samples under a {Wright-Fisher} neutral model of genetic variation}, 
    year = {2002},
    journal = {Bioinformatics},
    volume = {18},
    number = {2},
    pages = {337--338},
}

@article{gutenkunst2009inferring,
	Author = {Gutenkunst, Ryan N and Hernandez, Ryan D and Williamson, Scott H and Bustamante, Carlos D},
	Journal = {PLoS genetics},
	Number = {10},
	Pages = {e1000695},
	Publisher = {Public Library of Science},
	Title = {Inferring the joint demographic history of multiple populations from multidimensional SNP frequency data},
	Volume = {5},
	Year = {2009}
}

@article{martin2017human,
    title={Human demographic history impacts genetic risk prediction across
        diverse populations},
    author={Martin, Alicia R and Gignoux, Christopher R and Walters,
        Raymond K and Wojcik, Genevieve L and Neale, Benjamin M and Gravel, 
        Simon and Daly, Mark J and Bustamante, Carlos D and Kenny, Eimear E},
    journal={The American Journal of Human Genetics},
    volume={100},
    number={4},
    pages={635--649},
    year={2017},
    publisher={Elsevier}
}

@article{gravel2011demographic,
  title={Demographic history and rare allele sharing among human populations},
  author={Gravel, Simon and Henn, Brenna M and Gutenkunst, Ryan N and Indap, Amit R and Marth, Gabor T and Clark, Andrew G and Yu, Fuli and Gibbs, Richard A and Bustamante, Carlos D and 1000 Genomes Project and others},
  journal={Proceedings of the National Academy of Sciences},
  volume={108},
  number={29},
  pages={11983--11988},
  year={2011},
  publisher={National Acad Sciences}
}

@article{ralph2020efficiently,
  title={Efficiently summarizing relationships in large samples: a general duality between statistics of genealogies and genomes},
  author={Ralph, Peter and Thornton, Kevin and Kelleher, Jerome},
  journal={Genetics},
  year={2020},
  publisher={Genetics Soc America}
}

@article{jouganous2017inferring,
  title={Inferring the joint demographic history of multiple populations: beyond the diffusion approximation},
  author={Jouganous, Julien and Long, Will and Ragsdale, Aaron P and Gravel, Simon},
  journal={Genetics},
  volume={206},
  number={3},
  pages={1549--1567},
  year={2017},
  publisher={Genetics Soc America}
}

@article{ragsdale2019models,
  title={Models of archaic admixture and recent history from two-locus statistics},
  author={Ragsdale, Aaron P and Gravel, Simon},
  journal={PLoS genetics},
  volume={15},
  number={6},
  pages={e1008204},
  year={2019},
  publisher={Public Library of Science}
}

@article{adrion2019community,
  title={A community-maintained standard library of population genetic models},
  author={Adrion, Jeffrey R and Cole, Christopher B and Dukler, Noah and Galloway, Jared G and Gladstein, Ariella L and Gower, Graham and Kyriazis, Christopher C and Ragsdale, Aaron P and Tsambos, Georgia and Baumdicker, Franz and others},
  journal={bioRxiv},
  year={2019},
  publisher={Cold Spring Harbor Laboratory}
}

@article{nelson2020accounting,
    title={Accounting for long-range correlations in genome-wide simulations
        of large cohorts},
    author={Nelson, Dominic and Kelleher, Jerome and Ragsdale, Aaron P and
        Moreau, Claudia and McVean, Gil and Gravel, Simon},
    journal={PLoS genetics},
    volume={16},
    number={5},
    pages={e1008619},
    year={2020},
    publisher={Public Library of Science San Francisco, CA USA}
}

% papers the used the wrong OOA model.

@article{albers2020dating,
    title={Dating genomic variants and shared ancestry in population-scale
        sequencing data},
    author={Albers, Patrick K and McVean, Gil},
    journal={PLoS biology},
    volume={18},
    number={1},
    pages={e3000586},
    year={2020},
    publisher={Public Library of Science}
}

@article{kelleher2019inferring,
    title={Inferring whole-genome histories in large population datasets},
    author={Kelleher, Jerome and Wong, Yan and Wohns, Anthony W and Fadil,
        Chaimaa and Albers, Patrick K and McVean, Gil},
    journal={Nature genetics},
    volume={51},
    number={9},
    pages={1330--1338},
    year={2019},
    publisher={Nature Publishing Group}
}

@article{tong2020population,
    title={Population genetic simulation study of power in association
        testing across genetic architectures and study designs},
    author={Tong, Dominic MH and Hernandez, Ryan D},
    journal={Genetic epidemiology},
    volume={44},
    number={1},
    pages={90--103},
    year={2020},
    publisher={Wiley Online Library}
}

@article{overcast2019integrated,
    title={An integrated model of population genetics and community ecology},
    author={Overcast, Isaac and Emerson, Brent C and Hickerson, Michael J},
    journal={Journal of biogeography},
    volume={46},
    number={4},
    pages={816--829},
    year={2019},
    publisher={Wiley Online Library}
}

@article{zhou2018popdemog,
    title={{POPdemog}: visualizing population demographic history from simulation scripts},
    author={Zhou, Ying and Tian, Xiaowen and Browning, Brian L and
        Browning, Sharon R},
    journal={Bioinformatics},
    volume={34},
    number={16},
    pages={2854--2855},
    year={2018},
    publisher={Oxford University Press}
}

@article{pfaffelhuber2020choose,
    title={How to choose sets of ancestry informative markers: A supervised feature selection approach},
    author={Pfaffelhuber, Peter and Grundner-Culemann, Franziska and
        Lipphardt, Veronika and Baumdicker, Franz},
    journal={Forensic Science International: Genetics},
    volume={46},
    pages={102259},
    year={2020},
    publisher={Elsevier}
}

@article{popejoy2016genomics,
  title={Genomics is failing on diversity},
  author={Popejoy, Alice B and Fullerton, Stephanie M},
  journal={Nature News},
  volume={538},
  number={7624},
  pages={161},
  year={2016}
}